[gd_scene load_steps=8 format=2]

[ext_resource path="res://MainMenu.gd" type="Script" id=1]
[ext_resource path="res://images/MainMenuBG.png" type="Texture" id=2]
[ext_resource path="res://images/Plank.png" type="Texture" id=3]
[ext_resource path="res://Fonts/PirateFont.tres" type="DynamicFont" id=4]
[ext_resource path="res://images/Title.png" type="Texture" id=5]
[ext_resource path="res://images/LOGO - E only.png" type="Texture" id=6]
[ext_resource path="res://mapAudio/Pirate song.wav" type="AudioStream" id=7]

[node name="MainMenu" type="MarginContainer"]
anchor_right = 1.0
anchor_bottom = 1.0
margin_left = -92.0
margin_top = -61.0
margin_right = 527.0
margin_bottom = 347.0
rect_scale = Vector2( 0.772, 0.746 )
custom_constants/margin_right = 120
custom_constants/margin_top = 80
custom_constants/margin_left = 120
custom_constants/margin_bottom = 80
script = ExtResource( 1 )
__meta__ = {
"_edit_use_anchors_": false
}

[node name="Background" type="TextureRect" parent="."]
margin_left = 120.0
margin_top = 80.0
margin_right = 1779.0
margin_bottom = 1048.0
size_flags_horizontal = 3
size_flags_vertical = 3
texture = ExtResource( 2 )
expand = true

[node name="NewGame" type="TextureButton" parent="Background"]
margin_top = 494.279
margin_right = 516.0
margin_bottom = 636.279
texture_normal = ExtResource( 3 )
expand = true
__meta__ = {
"_edit_use_anchors_": false
}

[node name="lblNewGame" type="Label" parent="Background/NewGame"]
margin_left = 35.8716
margin_top = -10.124
margin_right = 120.872
margin_bottom = 21.876
rect_scale = Vector2( 5, 5 )
custom_fonts/font = ExtResource( 4 )
text = "New Game"

[node name="Quit" type="TextureButton" parent="Background"]
margin_top = 673.909
margin_right = 516.0
margin_bottom = 815.909
texture_normal = ExtResource( 3 )
expand = true

[node name="lblQuit" type="Label" parent="Background/Quit"]
margin_left = 171.634
margin_top = -15.5499
margin_right = 211.634
margin_bottom = 16.4501
rect_scale = Vector2( 5, 5 )
custom_fonts/font = ExtResource( 4 )
text = "Quit"

[node name="Titile" type="TextureRect" parent="Background"]
margin_right = 1201.0
margin_bottom = 438.0
size_flags_horizontal = 3
texture = ExtResource( 5 )
__meta__ = {
"_edit_use_anchors_": false
}

[node name="Logo" type="TextureRect" parent="Background"]
margin_left = 1467.52
margin_top = 777.257
margin_right = 1709.52
margin_bottom = 1018.26
texture = ExtResource( 6 )
expand = true

[node name="PirateSong" type="AudioStreamPlayer" parent="."]
stream = ExtResource( 7 )
autoplay = true
[connection signal="pressed" from="Background/NewGame" to="." method="_on_NewGame_pressed"]
[connection signal="pressed" from="Background/Quit" to="." method="_on_Quit_pressed"]
